@BOOK{Moore:1979:MAI,
  Address =	 {Philadelphia, PA, USA},
  Author =	 {Moore, R. E.},
  Pages =	 {xi + 190},
  Publisher =	 {Society for Industrial and Applied Mathematics},
  Title =	 {Methods and Applications of Interval Analysis},
  Year =	 {1979}
}

@BOOK{vonNeumann:1966:TSR,
  Author =	 {{von Neumann}, J.},
  Editor =	 {Burks, A. W.},
  Pages =	 {xix + 388},
  Title =	 {Theory of Self-Reproducing Automata},
  Year =	 {1966}
}

@MastersThesis{Aguiar:2005,
   author =       "Marilton Aguiar",
   title =        "Título da Monografia",
   school =       "PPGC/UFPEL",
   year =         "2012",
   type =         "Dissertação de Mestrado",
   address =      "Pelotas/RS"
}


@Book{Cormen,
  author =	"T. Cormen and C. Leiserson and R. Rivest",
  title =	"Introduction to Algorithms",
  publisher =	"{MIT} Press",
  year = 	"1990",
}

@article{stateOfArt:2010,
year={2010},
issn={1867-4828},
journal={Journal of Internet Services and Applications},
volume={1},
number={1},
doi={10.1007/s13174-010-0007-6},
title={Cloud computing: state-of-the-art and research challenges},
url={http://dx.doi.org/10.1007/s13174-010-0007-6},
publisher={Springer-Verlag},
keywords={Cloud computing; Data centers; Virtualization},
author={Zhang, Qi and Cheng, Lu and Boutaba, Raouf},
pages={7-18},
language={English}
}

@article{demystifingCloud:2011,
year={2011},
journal={CrossTalk},
title={Demystifying Cloud Computing},
keywords={Cloud computing},
author={Qusay F. Hassan},
pages={16-21},
language={English}
}

@misc{Xen:Online,
  author = {Citrix},
  title = {XenServer},
  year = {2015},
  howpublished = {\url{www.citrix.com/products/xenserver/overview.html}},
  note = {Acessado em: 4/10/2015}
}

@misc{VMware:Online,
  author = {VMware},
  title = {VMware},
  year = {2015},
  howpublished = {\url{www.vmware.com/products/esxi-and-esx/overview.html}},
   note = {Acessado em: 4/10/2015}
}

@misc{KVM:Online,
  author = {Linux-KVM},
  title = {Kernel Virtual Machine},
  year = {2015},
  howpublished = {\url{www.linux-kvm.org/page/Main_Page}},
  note = {Acessado em: 4/10/2015}
}

@misc{AmazonEC2:Online,
  author = {Amazon},
  title = {Amazon EC2},
  year = {2015},
  howpublished = {\url{aws.amazon.com/pt/ec2/}},
  note = {Acessado em: 4/10/2015}
}

@misc{GoGrid:Online,
  author = {GoGrid},
  title = {GoGrid - A Datapipe Company},
  year = {2015},
  howpublished = {\url{www.datapipe.com/gogrid/}},
  note = {Acessado em: 4/10/2015}
}

@misc{FlexiScale:Online,
  author = {SmarterTools},
  title = {Portal - FlexiScale Technologies Limited},
  year = {2015},
  howpublished = {\url{support.flexiscale.com/Main/}},
  note = {Acessado em: 4/10/2015}
}

@misc{GoogleAppEngine:Online,
  author = {Google},
  title = {Google App Engine},
  year = {2015},
  howpublished = {\url{appengine.google.com/}},
  note = {Acessado em: 4/10/2015}
}

@misc{MicrosoftAzure:Online,
  author = {Microsoft},
  title = {Microsoft Azure},
  year = {2015},
  howpublished = {\url{azure.microsoft.com/}},
  note = {Acessado em: 4/10/2015}
}

@misc{Salesforce:Online,
  author = {Salesforce},
  title = {Salesforce},
  year = {2015},
  howpublished = {\url{www.salesforce.com}},
  note = {Acessado em: 4/10/2015}
}

@misc{Rackspace:Online,
  author = {Rackspace},
  title = {Rackspace},
  year = {2015},
  howpublished = {\url{www.rackspace.com}},
  note = {Acessado em: 4/10/2015}
}

@misc{SAP:Online,
  author = {SAP},
  title = {SAP},
  year = {2015},
  howpublished = {\url{www.sap.com}},
  note = {Acessado em: 4/10/2015}
}